@article{levine2018learning,
  title={Learning hand-eye coordination for robotic grasping with deep learning and large-scale data collection},
  author={Levine, Sergey and Pastor, Peter and Krizhevsky, Alex and Ibarz, Julian and Quillen, Deirdre},
  journal={The International journal of robotics research},
  volume={37},
  number={4-5},
  pages={421--436},
  year={2018},
  publisher={SAGE Publications Sage UK: London, England}
}
@article{jang2017end,
  title={End-to-end learning of semantic grasping},
  author={Jang, Eric and Vijayanarasimhan, Sudheendra and Pastor, Peter and Ibarz, Julian and Levine, Sergey},
  journal={arXiv preprint arXiv:1707.01932},
  year={2017}
}
@article{he2023bridging,
  title={Bridging the sim-to-real gap from the information bottleneck perspective},
  author={He, Haoran and Wu, Peilin and Bai, Chenjia and Lai, Hang and Wang, Lingxiao and Pan, Ling and Hu, Xiaolin and Zhang, Weinan},
  journal={arXiv preprint arXiv:2305.18464},
  year={2023}
}
@inproceedings{josifovski2024continual,
  title={Continual Domain Randomization},
  author={Josifovski, Josip and Auddy, Sayantan and Malmir, Mohammadhossein and Piater, Justus and Knoll, Alois and Navarro-Guerrero, Nicol{\'a}s},
  booktitle={2024 IEEE/RSJ International Conference on Intelligent Robots and Systems (IROS)},
  pages={4965--4972},
  year={2024},
  organization={IEEE}
}
@article{li24simpler,
          title={Evaluating Real-World Robot Manipulation Policies in Simulation},
          author={Xuanlin Li and Kyle Hsu and Jiayuan Gu and Karl Pertsch and Oier Mees and Homer Rich Walke and Chuyuan Fu and Ishikaa Lunawat and Isabel Sieh and Sean Kirmani and Sergey Levine and Jiajun Wu and Chelsea Finn and Hao Su and Quan Vuong and Ted Xiao},
          journal = {arXiv preprint arXiv:2405.05941},
          year={2024},
          } 
@article{pumacay2024colosseum,
  title     = {THE COLOSSEUM: A Benchmark for Evaluating Generalization for Robotic Manipulation}, 
  author    = {Pumacay, Wilbert and Singh, Ishika and Duan, Jiafei and Krishna, Ranjay and Thomason, Jesse and Fox, Dieter},
  booktitle = {arXiv preprint arXiv:2402.08191},
  year      = {2024},
}
@article{james2020rlbench,
  title={Rlbench: The robot learning benchmark \& learning environment},
  author={James, Stephen and Ma, Zicong and Arrojo, David Rovick and Davison, Andrew J},
  journal={IEEE Robotics and Automation Letters},
  volume={5},
  number={2},
  pages={3019--3026},
  year={2020},
  publisher={IEEE}
}
@inproceedings{xing2021kitchenshift,
  title={Kitchenshift: Evaluating zero-shot generalization of imitation-based policy learning under domain shifts},
  author={Xing, Eliot and Gupta, Abhinav and Powers, Sam and Dean, Victoria},
  booktitle={NeurIPS 2021 Workshop on Distribution Shifts: Connecting Methods and Applications},
  year={2021}
}
@inproceedings{shridhar2022peract,
  title     = {Perceiver-Actor: A Multi-Task Transformer for Robotic Manipulation}, 
  author    = {Shridhar, Mohit and Manuelli, Lucas and Fox, Dieter},
  booktitle = {Proceedings of the 6th Conference on Robot Learning (CoRL)},
  year      = {2022},
}
@article{goyal2024rvt2,
  title={RVT2: Learning Precise Manipulation from Few Demonstrations},
  author={Goyal, Ankit and Blukis, Valts and Xu, Jie and Guo, Yijie and Chao, Yu-Wei and Fox, Dieter},
  journal={RSS},
  year={2024},
}
@article{goyal2023rvt,
  title={RVT: Robotic View Transformer for 3D Object Manipulation},
  author={Goyal, Ankit and Xu, Jie and Guo, Yijie and Blukis, Valts and Chao, Yu-Wei and Fox, Dieter},
  journal={CoRL},
  year={2023}
}
@inproceedings{rt12022arxiv,
    title={RT-1: Robotics Transformer for Real-World Control at Scale},
    author={Anthony Brohan and  Noah Brown and  Justice Carbajal and  Yevgen Chebotar and  Joseph Dabis and  Chelsea Finn and  Keerthana Gopalakrishnan and  Karol Hausman and  Alex Herzog and  Jasmine Hsu and  Julian Ibarz and  Brian Ichter and  Alex Irpan and  Tomas Jackson and  Sally Jesmonth and  Nikhil Joshi and  Ryan Julian and  Dmitry Kalashnikov and  Yuheng Kuang and  Isabel Leal and  Kuang-Huei Lee and  Sergey Levine and  Yao Lu and  Utsav Malla and  Deeksha Manjunath and  Igor Mordatch and  Ofir Nachum and  Carolina Parada and  Jodilyn Peralta and  Emily Perez and  Karl Pertsch and  Jornell Quiambao and  Kanishka Rao and  Michael Ryoo and  Grecia Salazar and  Pannag Sanketi and  Kevin Sayed and  Jaspiar Singh and  Sumedh Sontakke and  Austin Stone and  Clayton Tan and  Huong Tran and  Vincent Vanhoucke and Steve Vega and  Quan Vuong and  Fei Xia and  Ted Xiao and  Peng Xu and  Sichun Xu and  Tianhe Yu and  Brianna Zitkovich},
    booktitle={arXiv preprint arXiv:2212.06817},
    year={2022}
}
@inproceedings{rt22023arxiv,
    title={RT-2: Vision-Language-Action Models Transfer Web Knowledge to Robotic Control},
    author={Anthony Brohan and Noah Brown and Justice Carbajal and Yevgen Chebotar and Xi Chen and Krzysztof Choromanski and Tianli Ding and Danny Driess and Avinava Dubey and Chelsea Finn and Pete Florence and Chuyuan Fu and Montse Gonzalez Arenas and Keerthana Gopalakrishnan and Kehang Han and Karol Hausman and Alex Herzog and Jasmine Hsu and Brian Ichter and Alex Irpan and Nikhil Joshi and Ryan Julian and Dmitry Kalashnikov and Yuheng Kuang and Isabel Leal  and Lisa Lee and Tsang-Wei Edward Lee and Sergey Levine and Yao Lu and Henryk Michalewski and Igor Mordatch and Karl Pertsch and Kanishka Rao and Krista Reymann and Michael Ryoo and Grecia Salazar and Pannag Sanketi and Pierre Sermanet and Jaspiar Singh and Anikait Singh and Radu Soricut and Huong Tran and Vincent Vanhoucke and Quan Vuong and Ayzaan Wahid and Stefan Welker and Paul Wohlhart and  Jialin Wu and Fei Xia and Ted Xiao and Peng Xu and Sichun Xu and Tianhe Yu and Brianna Zitkovich},
    booktitle={arXiv preprint arXiv:2307.15818},
    year={2023}
}
@article{nair2022r3m,
  title={R3m: A universal visual representation for robot manipulation},
  author={Nair, Suraj and Rajeswaran, Aravind and Kumar, Vikash and Finn, Chelsea and Gupta, Abhinav},
  journal={arXiv preprint arXiv:2203.12601},
  year={2022}
}
@article{Radosavovic2022,
  title={Real-World Robot Learning with Masked Visual Pre-training},
  author={Ilija Radosavovic and Tete Xiao and Stephen James and Pieter Abbeel and Jitendra Malik and Trevor Darrell},
  year={2022},
  journal={CoRL}
}
@article{huang2023voxposer,
      title={VoxPoser: Composable 3D Value Maps for Robotic Manipulation with Language Models},
      author={Huang, Wenlong and Wang, Chen and Zhang, Ruohan and Li, Yunzhu and Wu, Jiajun and Fei-Fei, Li},
      journal={arXiv preprint arXiv:2307.05973},
      year={2023}
    }
@inproceedings{todorov2012mujoco,
  title={MuJoCo: A physics engine for model-based control},
  author={Todorov, Emanuel and Erez, Tom and Tassa, Yuval},
  booktitle={2012 IEEE/RSJ International Conference on Intelligent Robots and Systems},
  pages={5026--5033},
  year={2012},
  organization={IEEE},
  doi={10.1109/IROS.2012.6386109}
}
@software{nvidia_isaac_sim,
  author = {{NVIDIA Corporation}},
  title = {NVIDIA Isaac Sim},
  year = {2023},
  version = {2023.1},
  url = {https://developer.nvidia.com/isaac-sim},
  note = {A scalable robotics simulation application and synthetic data generation tool},
}